
@Article{ManifestoReproducibleScience,
  author    = {M. R. Munaf{\`{o}} and B. A. Nosek and D. V. M. Bishop and K. S. Button and C. D. Chambers and N. Percie du Sert and U. Simonsohn and E.-J. Wagenmakers and J. J. Ware and J. P. A. Ioannidis},
  journal   = {Nature Human Behaviour},
  pages     = {0021},
  title     = {A manifesto for reproducible science},
  volume    = {1},
  year      = {2017},
  number    = {1},
  month     = {jan},
  doi       = {10.1038/s41562-016-0021},
  publisher = {Springer Nature},
}


@TechReport{StatisticalAnalysesReproducibleResearch,
	author      = {R. Gentleman and D. Temple{ }Lang},
	title       = {Statistical Analyses and Reproducible Research},
	institution = {Bioconductor Project},
	year        = {2004},
	number      = {Paper 2},
	address     = {The Berkeley Electronic Press},
	keywords    = {Compendium, Dynamic documents, Literate programming, Markup language, Perl, Python, R.},
	url         = {http://www.bepress.com/bioconductor/paper2},
}


@Article{RRComputationalHarmonicAnalysis,
	Title                    = {Reproducible Research in Computational Harmonic Analysis},
	Author                   = {D. L. Donoho and A. Maleki and I. U. Rahman and M. Shahram and V. Stodden},
	Journal                  = {Computing in Science \& Engineering},
	Pages                    = {8--18},
	Volume                   = {11},
	Year                     = {2009},
	
	Doi                      = {10.1109/MCSE.2009.15},
}

@Article{RREconometrics,
	Title                    = {On reproducible econometric research},
	Author                   = {R. Koenker and A. Zeileis},
	Journal                  = {Journal of Applied Econometrics},
	Pages                    = {833--847},
	Volume                   = {24},
	Year                     = {2009},
	
	Abstract                 = {Recent software developments are reviewed from the vantage point of reproducible econometric research.
	We argue that the emergence of new tools, particularly in the open-source community, have greatly eased the
	burden of documenting and archiving both empirical and simulation work in econometrics. Some of these
	tools are highlighted in the discussion of two small replication exercises.},
	Doi                      = {10.1002/jae.1083},
}

@Article{RRSignalProcessing,
	Title                    = {Reproducible research in signal processing},
	Author                   = {Vandewalle, P. and Kovacevic, J. and Vetterli, M.;},
	Journal                  = {{IEEE} Signal Processing Magazine},
	Pages                    = {37--47},
	Volume                   = {26},
	Year                     = {2009},
	Number                   = {3},
	
	Doi                      = {10.1109/MSP.2009.932122},
}


@Article{AddressingNeedDataCodeSharingComputationalScience,
	author  = {{Yale Law School Roundtable on Data and Code Sharing}},
	journal = {Computing in Science \& Engineering},
	pages   = {8--12},
	title   = {Reproducible Research: Addressing the Need for Data and Code Sharing in Computational Science},
	year    = {2010},
	month   = {September/October},
}


@Article{ReproducibleResearchinComputationalScience,
	Title                    = {Reproducible Research in Computational Science},
	Author                   = {R. D. Peng},
	Journal                  = {Science},
	Pages                    = {1226-1227},
	Volume                   = {334},
	Year                     = {2011},
	
	Doi                      = {10.1126/science.1213847},
}


@Article{TenRulesReproducibleComputationalResearch,
	Title                    = {Ten Simple Rules for Reproducible Computational Research},
	Author                   = {Sandve, G. K. and Nekrutenko, A. and Taylor, J. and Hovig, E.},
	Journal                  = {PLoS Computational Biology},
	Pages                    = {e1003285},
	Volume                   = {9},
	Year                     = {2013},
	Month                    = {Oct},
	Number                   = {10},
	
	Doi                      = {10.1371/journal.pcbi.1003285},
	Editor                   = {Bourne, Philip E.Editor},
	Publisher                = {Public Library of Science},
	Url                      = {http://dx.doi.org/10.1371/journal.pcbi.1003285}
}
